@article{Article_01,
	author	=	"FirstName LastName",
	title =		"Title of The Article",
	journal = 	"Journal of Natural Language Processing",
	pages =		"251--258",
	volume =	13,
	number =	1,
	year = 		2006,
}

@book{Book_02,
	author =	"FirstNameA LastNameA and FirstNameB LastNameB",
	title =		"Title of The Book",
	publisher =	"The Association for Natural Language Processing",
	year = 		1988,
}

@inproceedings{Inproc_03,
	author =	"FirstName LastName",
	title =		"Title of The Article", 
	booktitle =	"Proceedings",
	year =		1986,
}

@mastersthesis{Masters_04,
	author =	"FirstNameA LastNameA and FirstNameB LastNameB",
	title =		"Title of The Article",
	school =	"University",
	year = 		1976,
}

@techreport{Techrep_05,
	author =	"FirstName LastName and others",
	title =		"Technical Report",
	institution =	"Institution",
	year =		1985,
}

@webpage{Web_06,
	author =	"FirstName LastName",
	title =		"Web Page",
	url =		"http://www.pluto.ai.kyutech.ac.jp/NLP/",
	year = 		"2017",
}


