@article{Article_01,
	author	=	"FirstName LastName",
	title =		"Title of The Article",
	journal = 	"Journal of Natural Language Processing",
	pages =		"251--258",
	volume =	13,
	number =	1,
	year = 		2006,
}

@book{Book_02,
	author =	"FirstNameA LastNameA and FirstNameB LastNameB",
	title =		"Title of The Book",
	publisher =	"The Association for Natural Language Processing",
	year = 		1988,
}

@inproceedings{Inproc_03,
	author =	"著者氏名",
	title =		"論文タイトル", 
	booktitle =	"プロシーディングスの名前",
	year =		1986,
	yomi = 		"aiueo: 必須",
}

@mastersthesis{Masters_04,
	author =	"著者1氏名 and 著者2氏名",
	title =		"修士論文タイトル",
	school =	"大学名",
	year = 		1976,
	yomi = 		"kakikukeko: 必須",
}

@techreport{Techrep_05,
	author =	"著者氏名 and others",
	title =		"技報タイトル",
	institution =	"出版者",
	year =		1985,
	yomi = 		"sasisuseso: 必須",
}

@webpage{Web_06,
	author =	"著者氏名",
	title =		"ホームページタイトル",
	url =		"http://www.pluto.ai.kyutech.ac.jp/NLP/",
	year = 		"2017",
	yomi = 		"tatituteto: 必須",
}

